%% This BibTeX bibliography file was created using BibDesk.
%% http://bibdesk.sourceforge.net/


%% Created for Lauro Cesar Araujo at 2015-04-27 19:43:45 -0300 


%% Saved with string encoding Unicode (UTF-8) 


@book{nilssonriedel,
	Address = {Iowa},
	Author = {James Nilsson and Susan Riedel},
	Edition = {10},
	Organization = {Iowa State University},
	Publisher = {Pearson},
	Title = {Circuitos Elétricos},
	Year = {2015}}

@book{sadiku,
	Address = {New York},
	Author = {Matthew N O Sadiku},
	Edition = {5},
	Organization = {Praire View A&M University},
	Publisher = {Mc Graw Hill},
	Title = {Fundamentos de Circuitos Elétricos},
	Year = {2013}}
